@article{pacheco2018towards,
  title={Towards the deployment of machine learning solutions in network traffic classification: A systematic survey},
  author={Pacheco, Fannia and Exposito, Ernesto and Gineste, Mathieu and Baudoin, Cedric and Aguilar, Jose},
  journal={IEEE Communications Surveys \& Tutorials},
  volume={21},
  number={2},
  pages={1988--2014},
  year={2018},
  publisher={IEEE}
}

@article{singh2021deploy,
  title={Deploy Machine Learning Models to Production},
  author={Singh, Pramod},
  journal={Cham, Switzerland: Springer},
  year={2021},
  publisher={Springer}
}

@misc{kaggleMLdeployments,
  author = {},
  title = {‚úîÔ∏è {D}eploying your {M}achine {L}earning models üëÄ | {K}aggle --- kaggle.com},
  howpublished = {\url{https://www.kaggle.com/discussions/getting-started/382794}},
  year = {},
  note = {[Accessed 03-Apr-2023]}
}

@article{zhao2022review,
  title={A review of sustainable maintenance strategies for single component and multicomponent equipment},
  author={Zhao, Jingyi and Gao, Chunhai and Tang, Tao},
  journal={Sustainability},
  volume={14},
  number={5},
  pages={2992},
  year={2022},
  publisher={MDPI}
}

@article{srinath2017python,
  title={Python--the fastest growing programming language},
  author={Srinath, KR},
  journal={International Research Journal of Engineering and Technology},
  volume={4},
  number={12},
  pages={354--357},
  year={2017}
}

@inproceedings{van2007python,
  title={Python Programming Language.},
  author={Van Rossum, Guido and others},
  booktitle={USENIX annual technical conference},
  volume={41},
  number={1},
  pages={1--36},
  year={2007},
  organization={Santa Clara, CA}
}

@article{sharma2020python,
  title={Python: the programming language of future},
  author={Sharma, Akshansh and Khan, Firoj and Sharma, Deepak and Gupta, Sunil and Student, FY},
  journal={Int. J. Innovative Res. Technol},
  volume={6},
  number={2},
  pages={115--118},
  year={2020}
}

@article{serrano2015infrastructure,
  title={Infrastructure as a service and cloud technologies},
  author={Serrano, Nicolas and Gallardo, Gorka and Hernantes, Josune},
  journal={IEEE Software},
  volume={32},
  number={2},
  pages={30--36},
  year={2015},
  publisher={IEEE}
}

@article{youssef2012exploring,
  title={Exploring cloud computing services and applications},
  author={Youssef, Ahmed E},
  journal={Journal of Emerging Trends in Computing and Information Sciences},
  volume={3},
  number={6},
  pages={838--847},
  year={2012}
}